@ARTICLE{Meyer2000,
AUTHOR="Bernd Meyer",
TITLE="A constraint-based framework for diagrammatic reasoning",
JOURNAL="Applied Artificial Intelligence",
VOLUME= "14",
number = "4",
PAGES= "327--344",
YEAR=2000
}

@article{remoteTest,
    author    = "Susan Dray and David Siegel",
    title     = "Remote possibilities? International usability testing at a distance",
    journal   = "Magazine Interactions",
    volume   = "11",
    number   = "2",
    pages    = "10--17",
    year      = "2004",
    month    = "March",
}

@article{paperprototype,
AUTHOR="Carolyn Snyder",
TITLE="Paper prototyping",
YEAR={2001},
edition="1",
publisher= "IBM",
    journal   = "developerWorks",
    month    = "November",
}



@book{gamification,
AUTHOR="Gabe Zichermann and Christopher Cunningham",
TITLE="Gamification by Design: Implementing Game Mechanics in Web and Mobile Apps",
YEAR={2011},
edition="1",
publisher= "O'Reilly Media"
}

@inbook{scrum,
AUTHOR="Ian Sommerville",
TITLE="Software Engineering",
YEAR={2010},
edition="9",
publisher= "Addison-Wesley",
pages="{58--68} and {72}"
}

@book{usability,
AUTHOR="Jakob Nielsen",
TITLE="Usability Engineering",
YEAR={1993},
edition="1",
publisher= "Academic Press Inc",
pages="{165}"
}


@book{planningpoker,
AUTHOR="Mike Cohn",
TITLE="Agile estimating and planning",
YEAR={2005},
edition="1",
publisher= "Prentice Hall"
}


@misc{sintef,
  author = "{SINTEF}",
  howpublished = "\url{http://www.sintef.no/sit}",
}


@misc{cossmic,
  author = "{Collaborating Smart Solar-powered Micro-grids (CoSSMic)}",
  howpublished = "\url{http://www.cossmic.eu}",
}


@misc{mvp,
author = "{Model-View-Presenter}",
howpublished = "\par\url{http://heim.ifi.uio.no/~trygver/themes/mvc/mvc-index.html}",
note="Retrieved March 14, 2014"
}
@misc{androidDeviceFragmentation,
author = "{Android device fragmentation}",
howpublished = "\par\url{https://developer.android.com/about/dashboards/index.html}",
note="Retrieved March 15, 2014"
}
@misc{contentproviders,
author = "{Content Providers}",
howpublished = "\par\url{http://developer.android.com/reference/android/content/ContentProvider.html}",
note="Retrieved March 15, 2014"
}
@misc{loadermanager,
author = "{Loader Manager}",
howpublished = "\par\url{http://developer.android.com/reference/android/app/LoaderManager.html}",
note="Retrieved March 15, 2014"
}

@misc{mvc,
author="{Model-View-Controller}",
howpublished="\par\url{http://en.wikipedia.org/wiki/Model-view-controller}"
}

@techreport{mvcrep,
    author    = "Trygve Reenskaug",
    title     = "The Model-View-Controller (MVC) -
Its Past and Present",
    institution = "University of Oslo",
    year      = "2003",
    note     = "Retrieved from~\cite{mvp} on March 14, 2014."
}

        
@misc{smartly,  
author = "{Smartly}",
howpublished="\url{www.smartly.no}"
}

@misc{openenergymonitor,
author = "{Open energy monitor}",
howpublished="\url{http://openenergymonitor.org}"
}

@misc{nte,
author = "{NTE miniSolo energydisplay}",
howpublished="\url{http://www.nte.no/index.php/no/privat/2013-04-10-06-20-41/energidisplay}"
}

@misc{theowl,
author = "{Theowl}",
howpublished="\url{http://www.theowl.com}"
}


@misc{efergy,
author = "{Efergy}",
howpublished="\url{http://efergy.com}"
}

@misc{blackbox,
author = "{Blackbox testing}",
howpublished="\par\url{http://en.wikipedia.org/wiki/Black-box_testing}"
}

